% This file was created with JabRef 2.9.2.
% Encoding: Cp1252

@article{Bretherton1992,
	author = {Christopher S. Bretherton and Catherine Smith and John M. Wallace},
	title = {An Intercomparison of Methods for Finding Coupled Patterns in Climate Data},
	journal = {Journal of Climate},
	volume = {5},
	number = {6},
	pages = {541-560},
	year = {1992},
	doi = {10.1175/1520-0442(1992)005<0541:AIOMFF>2.0.CO;2}
}
@article{Barnett1987,
	author = {T. P. Barnett and R. Preisendorfer},
	title = {Origins and Levels of Monthly and Seasonal Forecast Skill for United States Surface Air Temperatures Determined by Canonical Correlation Analysis},
	journal = {Monthly Weather Review},
	volume = {115},
	number = {9},
	pages = {1825-1850},
	year = {1987},
	doi = {10.1175/1520-0493(1987)115<1825:OALOMA>2.0.CO;2}
}
@article{Livezey1999,
	author = {Robert E. Livezey and Thomas M. Smith},
	title = {Covariability of Aspects of North American Climate with Global Sea Surface Temperatures on Interannual to Interdecadal Timescales},
	journal = {Journal of Climate},
	volume = {12},
	number = {1},
	pages = {289-302},
	year = {1999},
	doi = {10.1175/1520-0442-12.1.289}
}
@article{Halko2011,
	author = {N. Halko and P. G. Martinsson and J. A. Tropp},
	title = {Finding Structure with Randomness: Probabilistic Algorithms for Constructing Approximate Matrix Decompositions},
	journal = {SIAM Review},
	volume = {53},
	number = {2},
	pages = {217-288},
	year = {2011},
	doi = {10.1137/090771806}
}
@article{Moran1950,
	author = {P. A. P. Moran},
	title = {Notes on Continuous Stochastic Phenomena},
	journal = {Biometrika},
	number = {1/2},
	pages = {17-23},
	volume = {37},
	year = {1950}
}
@Misc{PySAL,
	author = {Sergio Rey},
	title = {PySAL},
	howpublished = {\url{http://pysal.readthedocs.io}},
	year = {2009--2013}
}